01REMESSA01COBRANCA       00000000000081469728MARIO DIAS DEVX               274BMPMONEYPLUS   150324        MX0000081                                                                                                                                                                                                                                                                                                                                 000001
100000000000000000000000100018152071000209-20                 2742000000000000000000000000000             0101014152/01 30122400000021473120000000001N211222000000000000000002202202400000010000000000000000000000000000000291044340000170GUTPARTS COMERCIO E ACESSORIOS LTDA     RUA CAINGANGS 265                       CENTRO      01110100                                                            51080701212344000127550010000000981364117781000002
2teste_grafeno@grafeno.digital                                                                                                                                                                                                                                                                                                                                                                                                                        000003                                                                                                                                                                                                                                                                                                                                                                          000033
9                                                                                                                                                                                                                                                                                                                                                                                                                                                     000004
